@INPROCEEDINGS{6261737,
  author={Jae-woon Kim and Hu-ung Lee and Youjip Won},
  booktitle={2012 Fourth International Conference on Ubiquitous and Future Networks (ICUFN)}, 
  title={Design for high throughput SHA-1 hash function on FPGA}, 
  year={2012},
  volume={},
  number={},
  pages={403-404},
  keywords={Throughput;Field programmable gate arrays;Computer architecture;Pipeline processing;Hardware;Algorithm design and analysis;Software algorithms;SHA-1;hash function;hardware implementation},
  doi={10.1109/ICUFN.2012.6261737}}

@misc{cryptoeprint:2006/104,
      author = {Marc Stevens},
      title = {Fast Collision Attack on {MD5}},
      howpublished = {Cryptology {ePrint} Archive, Paper 2006/104},
      year = {2006},
      url = {https://eprint.iacr.org/2006/104}
}

@inproceedings{10.5555/3489212.3489316,
author = {Leurent, Ga\"{e}tan and Peyrin, Thomas},
title = {SHA-1 is a shambles: first chosen-prefix collision on SHA-1 and application to the PGP web of trust},
year = {2020},
isbn = {978-1-939133-17-5},
publisher = {USENIX Association},
address = {USA},
booktitle = {Proceedings of the 29th USENIX Conference on Security Symposium},
articleno = {104},
numpages = {18},
series = {SEC'20}
}

  

@misc{TikZ:for:Cryptographers,
  author = {J\'er\'emy Jean},
  title = {{TikZ for Cryptographers}},
  howpublished = {
    \url{https://www.iacr.org/authors/tikz/}
  },
  year = {2016},
}

@misc{cryptoeprint:2023/1131,
      author = {Pierre Pébereau},
      title = {One vector to rule them all: Key recovery from one vector in {UOV} schemes},
      howpublished = {Cryptology {ePrint} Archive, Paper 2023/1131},
      year = {2023},
      url = {https://eprint.iacr.org/2023/1131}
}

@misc{cryptoeprint:2021/819,
      author = {Christof Beierle and Patrick Derbez and Gregor Leander and Gaëtan Leurent and Håvard Raddum and Yann Rotella and David Rupprecht and Lukas Stennes},
      title = {Cryptanalysis of the {GPRS} Encryption Algorithms {GEA}-1 and {GEA}-2},
      howpublished = {Cryptology {ePrint} Archive, Paper 2021/819},
      year = {2021},
      doi = {10.1007/978-3-030-77886-6_6},
      url = {https://eprint.iacr.org/2021/819}
}
@misc{cryptoeprint:2021/829,
      author = {Christof Beierle and Tim Beyne and Patrick Felke and Gregor Leander},
      title = {Constructing and Deconstructing Intentional Weaknesses in Symmetric Ciphers},
      howpublished = {Cryptology {ePrint} Archive, Paper 2021/829},
      year = {2021},
      url = {https://eprint.iacr.org/2021/829}
}

@unpublished{demicheli:hal-03045663,
  TITLE = {{Recovering cryptographic keys from partial information, by example}},
  AUTHOR = {de Micheli, Gabrielle and Heninger, Nadia},
  URL = {https://hal.science/hal-03045663},
  NOTE = {working paper or preprint},
  YEAR = {2020},
  MONTH = Dec,
  PDF = {https://hal.science/hal-03045663v1/file/2020-1506.pdf},
  HAL_ID = {hal-03045663},
  HAL_VERSION = {v1},
}
